<record xmlns='http://www.loc.gov/MARC21/slim'><leader>01310cim a22003252u 4500</leader><controlfield tag='001'>3601741</controlfield><controlfield tag='005'>20151214182930.0</controlfield><controlfield tag='007'>ss|lmnjluz|nuu</controlfield><controlfield tag='008'>991101s1989    nyunnn         l    eng d</controlfield><datafield ind1=' ' ind2=' ' tag='035'><subfield code='a'>(NIC)notisASF8806</subfield></datafield><datafield ind1=' ' ind2=' ' tag='035'><subfield code='a'>3601741</subfield></datafield><datafield ind1=' ' ind2=' ' tag='035'><subfield code='a'>(OCoLC)63898123</subfield></datafield><datafield ind1=' ' ind2=' ' tag='040'><subfield code='a'>NIC</subfield><subfield code='c'>NIC</subfield><subfield code='d'>NIC</subfield><subfield code='d'>NIC</subfield></datafield><datafield ind1='1' ind2=' ' tag='100'><subfield code='a'>Shammas, Anton.</subfield></datafield><datafield ind1='1' ind2='4' tag='245'><subfield code='a'>The Intifadeh: stones and afterthoughts</subfield><subfield code='h'>[sound recording]</subfield></datafield><datafield ind1=' ' ind2=' ' tag='260'><subfield code='c'>1989.</subfield></datafield><datafield ind1=' ' ind2=' ' tag='300'><subfield code='a'>1 sound cassette (75 min.) :</subfield><subfield code='b'>analog, mono.</subfield></datafield><datafield ind1=' ' ind2=' ' tag='500'><subfield code='a'>Recorded in Ithaca, NY by Cornell University.</subfield></datafield><datafield ind1=' ' ind2=' ' tag='500'><subfield code='a'>Sponsored by: Arabic and Islamic Studies Committee.</subfield></datafield><datafield ind1=' ' ind2=' ' tag='500'><subfield code='a'>Speaker(s): Visiting Fellow, Institute for the Humanities, University of Michigan.</subfield></datafield><datafield ind1=' ' ind2=' ' tag='518'><subfield code='a'>Lecture, March 2, 1989.</subfield></datafield><datafield ind1=' ' ind2=' ' tag='520'><subfield code='a'>Shammas discusses the intransience of the Palestinian Intifadeh uprisings and the extent to which its negative implications for Israel are transformed to more acceptable conclusions by and for Israelis.</subfield></datafield><datafield ind1=' ' ind2='0' tag='650'><subfield code='a'>Palestinian Arabs</subfield><subfield code='z'>Israel.</subfield></datafield><datafield ind1=' ' ind2='0' tag='651'><subfield code='a'>Palestine.</subfield></datafield><datafield ind1=' ' ind2='7' tag='650'><subfield code='a'>Palestinian Arabs</subfield><subfield code='2'>fast</subfield><subfield code='0'>(OCoLC)fst01051590</subfield></datafield><datafield ind1=' ' ind2='7' tag='651'><subfield code='a'>Israel</subfield><subfield code='2'>fast</subfield><subfield code='0'>(OCoLC)fst01204236</subfield></datafield><datafield ind1=' ' ind2='7' tag='651'><subfield code='a'>Middle East</subfield><subfield code='z'>Palestine</subfield><subfield code='2'>fast</subfield><subfield code='0'>(OCoLC)fst01207534</subfield></datafield><datafield ind1='1' ind2=' ' tag='899'><subfield code='a'>CULectures</subfield></datafield><datafield ind1=' ' ind2=' ' tag='905'><subfield code='a'>20000322120000.0</subfield></datafield><datafield ind1='2' ind2=' ' tag='948'><subfield code='a'>20141221</subfield><subfield code='b'>m</subfield><subfield code='d'>batch</subfield><subfield code='e'>lts</subfield><subfield code='x'>addfast</subfield></datafield></record>